<record><leader>00000cas a22000007a 4500</leader><controlfield tag="001">14875043</controlfield><controlfield tag="008">861125d18901893iauwr ne      0    0eng d</controlfield><datafield ind1=" " ind2=" " tag="010"><subfield code="a">sn 86060275 </subfield></datafield><datafield ind1=" " ind2=" " tag="040"><subfield code="a">INP</subfield><subfield code="b">eng</subfield><subfield code="c">INP</subfield><subfield code="d">OCLCQ</subfield></datafield><datafield ind1=" " ind2=" " tag="042"><subfield code="a">msc</subfield></datafield><datafield ind1="0" ind2=" " tag="130"><subfield code="a">Farmers advocate (Rockwell City, Iowa)</subfield></datafield><datafield ind1="1" ind2="4" tag="245"><subfield code="a">The Farmers advocate.</subfield></datafield><datafield ind1=" " ind2=" " tag="260"><subfield code="a">Rockwell City, Calhoun County, Iowa :</subfield><subfield code="b">S.K. Gregg,</subfield><subfield code="c">-1893.</subfield></datafield><datafield ind1=" " ind2=" " tag="300"><subfield code="a">v. :</subfield><subfield code="b">ill. ;</subfield><subfield code="c">56 cm.</subfield></datafield><datafield ind1=" " ind2=" " tag="310"><subfield code="a">Weekly</subfield></datafield><datafield ind1="1" ind2=" " tag="362"><subfield code="a">Began Sept. 26, 1890.</subfield><subfield code="z">Cf. Newspaper (Rockwell City, Iowa), Nov. 5, 1975 issue.</subfield></datafield><datafield ind1="0" ind2=" " tag="362"><subfield code="a">-v. 3, no. 17 (Jan. 19, 1893).</subfield></datafield><datafield ind1=" " ind2=" " tag="500"><subfield code="a">Publisher varies.</subfield></datafield><datafield ind1=" " ind2=" " tag="588"><subfield code="a">Description based on: Vol. 1, no. 17 (Jan. 16, 1891).</subfield></datafield><datafield ind1=" " ind2=" " tag="752"><subfield code="a">United States</subfield><subfield code="b">Iowa</subfield><subfield code="c">Calhoun</subfield><subfield code="d">Rockwell City.</subfield></datafield><datafield ind1="0" ind2="0" tag="785"><subfield code="t">Rockwell City advocate (Rockwell City, Iowa : 1893)</subfield><subfield code="w">(DLC)sn 86060272</subfield></datafield></record>